@article{isenko2022bottleneck,
  author = {Alexander Isenko and Ruben Mayer and Jeffrey Jedele and Hans-Arno Jacobsen},
  title  = {Where Is My Training Bottleneck? Hidden Trade-Offs in Deep Learning Preprocessing Pipelines},
  year   = {2022},
  eprint = {arXiv:2202.08679},
  doi    = {10.1145/3514221.3517848}
}

@inproceedings{dean2012largescale,
  author    = {Dean, Jeffrey and Corrado, Greg S. and Monga, Rajat and Chen, Kai and Devin, Matthieu and Le, Quoc V. and Mao, Mark Z. and Ranzato, Marc'Aurelio and Senior, Andrew and Tucker, Paul and Yang, Ke and Ng, Andrew Y.},
  title     = {Large Scale Distributed Deep Networks},
  year      = {2012},
  publisher = {Curran Associates Inc.},
  booktitle = {Proceedings of the 25th International Conference on Neural Information Processing Systems - Volume 1},
  pages     = {1223–1231},
  numpages  = {9},
  location  = {Lake Tahoe, Nevada},
  series    = {NIPS'12}
}

@misc{microsoft2021megatron,
  author       = {Microsoft},
  title        = {Using DeepSpeed and Megatron to Train Megatron-Turing NLG 530B, the World’s Largest and Most Powerful Generative Language Model - Microsoft Research},
  howpublished = {\url{https://www.microsoft.com/en-us/research/blog/using-deepspeed-and-megatron-to-train-megatron-turing-nlg-530b-the-worlds-largest-and-most-powerful-generative-language-model/}},
  year         = {2021}
}


@article{christopher2018measuring,
  author     = {Christopher J. Shallue and
                Jaehoon Lee and
                Joseph M. Antognini and
                Jascha Sohl{-}Dickstein and
                Roy Frostig and
                George E. Dahl},
  title      = {Measuring the Effects of Data Parallelism on Neural Network Training},
  journal    = {CoRR},
  volume     = {abs/1811.03600},
  year       = {2018},
  url        = {http://arxiv.org/abs/1811.03600},
  eprinttype = {arXiv},
  eprint     = {1811.03600},
  timestamp  = {Tue, 18 Jan 2022 08:22:59 +0100},
  biburl     = {https://dblp.org/rec/journals/corr/abs-1811-03600.bib},
  bibsource  = {dblp computer science bibliography, https://dblp.org}
}

@article{yanping2018gpipe,
  author     = {Yanping Huang and
                Yonglong Cheng and
                Dehao Chen and
                HyoukJoong Lee and
                Jiquan Ngiam and
                Quoc V. Le and
                Zhifeng Chen},
  title      = {GPipe: Efficient Training of Giant Neural Networks using Pipeline
                Parallelism},
  journal    = {CoRR},
  volume     = {abs/1811.06965},
  year       = {2018},
  url        = {http://arxiv.org/abs/1811.06965},
  eprinttype = {arXiv},
  eprint     = {1811.06965},
  timestamp  = {Sun, 25 Nov 2018 18:57:12 +0100},
  biburl     = {https://dblp.org/rec/journals/corr/abs-1811-06965.bib},
  bibsource  = {dblp computer science bibliography, https://dblp.org}
}


@article{krizhevsky2014weird,
  author     = {Alex Krizhevsky},
  title      = {One weird trick for parallelizing convolutional neural networks},
  journal    = {CoRR},
  volume     = {abs/1404.5997},
  year       = {2014},
  url        = {http://arxiv.org/abs/1404.5997},
  eprinttype = {arXiv},
  eprint     = {1404.5997},
  timestamp  = {Mon, 13 Aug 2018 16:48:41 +0200},
  biburl     = {https://dblp.org/rec/journals/corr/Krizhevsky14.bib},
  bibsource  = {dblp computer science bibliography, https://dblp.org}
}

@article{Zhihao2018flexflow,
  author     = {Zhihao Jia and
                Matei Zaharia and
                Alex Aiken},
  title      = {Beyond Data and Model Parallelism for Deep Neural Networks},
  journal    = {CoRR},
  volume     = {abs/1807.05358},
  year       = {2018},
  url        = {http://arxiv.org/abs/1807.05358},
  eprinttype = {arXiv},
  eprint     = {1807.05358},
  timestamp  = {Mon, 13 Aug 2018 16:47:43 +0200},
  biburl     = {https://dblp.org/rec/journals/corr/abs-1807-05358.bib},
  bibsource  = {dblp computer science bibliography, https://dblp.org}
}

@article{mohammad2019megatronlm,
  author     = {Mohammad Shoeybi and
                Mostofa Patwary and
                Raul Puri and
                Patrick LeGresley and
                Jared Casper and
                Bryan Catanzaro},
  title      = {Megatron-LM: Training Multi-Billion Parameter Language Models Using
                Model Parallelism},
  journal    = {CoRR},
  volume     = {abs/1909.08053},
  year       = {2019},
  url        = {http://arxiv.org/abs/1909.08053},
  eprinttype = {arXiv},
  eprint     = {1909.08053},
  timestamp  = {Tue, 24 Sep 2019 11:33:51 +0200},
  biburl     = {https://dblp.org/rec/journals/corr/abs-1909-08053.bib},
  bibsource  = {dblp computer science bibliography, https://dblp.org}
}

@misc{song2015deep,
  author = {Song Han and Huizi Mao and William J. Dally},
  title  = {Deep Compression: Compressing Deep Neural Networks with Pruning, Trained Quantization and Huffman Coding},
  year   = {2015},
  eprint = {arXiv:1510.00149}
}

@article{davis2020pruning,
  author     = {Davis W. Blalock and
                Jose Javier Gonzalez Ortiz and
                Jonathan Frankle and
                John V. Guttag},
  title      = {What is the State of Neural Network Pruning?},
  journal    = {CoRR},
  volume     = {abs/2003.03033},
  year       = {2020},
  url        = {https://arxiv.org/abs/2003.03033},
  eprinttype = {arXiv},
  eprint     = {2003.03033},
  timestamp  = {Tue, 10 Mar 2020 13:33:48 +0100},
  biburl     = {https://dblp.org/rec/journals/corr/abs-2003-03033.bib},
  bibsource  = {dblp computer science bibliography, https://dblp.org}
}

@inproceedings{xin2021productionml,
  author = {Xin, Doris and Miao, Hui and Parameswaran, Aditya and Polyzotis, Neoklis},
  year   = {2021},
  month  = {06},
  pages  = {2639-2652},
  title  = {Production Machine Learning Pipelines: Empirical Analysis and Optimization Opportunities},
  doi    = {10.1145/3448016.3457566}
}

@inproceedings{wu2019mlatfacebook,
  author    = {Wu, Carole-Jean and Brooks, David and Chen, Kevin and Chen, Douglas and Choudhury, Sy and Dukhan, Marat and Hazelwood, Kim and Isaac, Eldad and Jia, Yangqing and Jia, Bill and Leyvand, Tommer and Lu, Hao and Lu, Yang and Qiao, Lin and Reagen, Brandon and Spisak, Joe and Sun, Fei and Tulloch, Andrew and Vajda, Peter and Wang, Xiaodong and Wang, Yanghan and Wasti, Bram and Wu, Yiming and Xian, Ran and Yoo, Sungjoo and Zhang, Peizhao},
  booktitle = {2019 IEEE International Symposium on High Performance Computer Architecture (HPCA)},
  title     = {Machine Learning at Facebook: Understanding Inference at the Edge},
  year      = {2019},
  volume    = {},
  number    = {},
  pages     = {331-344},
  doi       = {10.1109/HPCA.2019.00048}
}

@article{jakub2015federatedoptimization,
  author     = {Jakub Kone{\v{c}}n{\'y} and
                Brendan McMahan and
                Daniel Ramage},
  title      = {Federated Optimization: Distributed Optimization Beyond the Datacenter},
  journal    = {CoRR},
  volume     = {abs/1511.03575},
  year       = {2015},
  url        = {http://arxiv.org/abs/1511.03575},
  eprinttype = {arXiv},
  eprint     = {1511.03575},
  timestamp  = {Mon, 13 Aug 2018 16:47:45 +0200},
  biburl     = {https://dblp.org/rec/journals/corr/KonecnyMR15.bib},
  bibsource  = {dblp computer science bibliography, https://dblp.org}
}

@article{torsten2021sparsity,
  author  = {Torsten Hoefler and Dan Alistarh and Tal Ben-Nun and Nikoli Dryden and Alexandra Peste},
  title   = {Sparsity in Deep Learning: Pruning and growth for efficient inference and training in neural networks},
  journal = {Journal of Machine Learning Research},
  year    = {2021},
  volume  = {22},
  number  = {241},
  pages   = {1-124},
  url     = {http://jmlr.org/papers/v22/21-0366.html}
}

@article{smith2022deepspeed,
  author     = {Shaden Smith and
                Mostofa Patwary and
                Brandon Norick and
                Patrick LeGresley and
                Samyam Rajbhandari and
                Jared Casper and
                Zhun Liu and
                Shrimai Prabhumoye and
                George Zerveas and
                Vijay Korthikanti and
                Elton Zheng and
                Rewon Child and
                Reza Yazdani Aminabadi and
                Julie Bernauer and
                Xia Song and
                Mohammad Shoeybi and
                Yuxiong He and
                Michael Houston and
                Saurabh Tiwary and
                Bryan Catanzaro},
  title      = {Using DeepSpeed and Megatron to Train Megatron-Turing {NLG} 530B,
                {A} Large-Scale Generative Language Model},
  journal    = {CoRR},
  volume     = {abs/2201.11990},
  year       = {2022},
  url        = {https://arxiv.org/abs/2201.11990},
  eprinttype = {arXiv},
  eprint     = {2201.11990},
  timestamp  = {Wed, 02 Feb 2022 15:00:01 +0100},
  biburl     = {https://dblp.org/rec/journals/corr/abs-2201-11990.bib},
  bibsource  = {dblp computer science bibliography, https://dblp.org}
}

@article{mayer2019scalable,
  author     = {Ruben Mayer and
                Hans{-}Arno Jacobsen},
  title      = {Scalable Deep Learning on Distributed Infrastructures: Challenges,
                Techniques and Tools},
  journal    = {CoRR},
  volume     = {abs/1903.11314},
  year       = {2019},
  url        = {http://arxiv.org/abs/1903.11314},
  eprinttype = {arXiv},
  eprint     = {1903.11314},
  timestamp  = {Tue, 02 Apr 2019 11:16:55 +0200},
  biburl     = {https://dblp.org/rec/journals/corr/abs-1903-11314.bib},
  bibsource  = {dblp computer science bibliography, https://dblp.org}
}

@inproceedings{dean2012distbelief,
  author    = {Dean, Jeffrey and Corrado, Greg S. and Monga, Rajat and Chen, Kai and Devin, Matthieu and Le, Quoc V. and Mao, Mark Z. and Ranzato, Marc'Aurelio and Senior, Andrew and Tucker, Paul and Yang, Ke and Ng, Andrew Y.},
  title     = {Large Scale Distributed Deep Networks},
  year      = {2012},
  publisher = {Curran Associates Inc.},
  booktitle = {Proceedings of the 25th International Conference on Neural Information Processing Systems - Volume 1},
  pages     = {1223–1231},
  numpages  = {9},
  location  = {Lake Tahoe, Nevada},
  series    = {NIPS'12}
}

@article{athlur2021varuna,
  author     = {Sanjith Athlur and
                Nitika Saran and
                Muthian Sivathanu and
                Ramachandran Ramjee and
                Nipun Kwatra},
  title      = {Varuna: Scalable, Low-cost Training of Massive Deep Learning Models},
  journal    = {CoRR},
  volume     = {abs/2111.04007},
  year       = {2021},
  url        = {https://arxiv.org/abs/2111.04007},
  eprinttype = {arXiv},
  eprint     = {2111.04007},
  timestamp  = {Wed, 10 Nov 2021 16:07:30 +0100},
  biburl     = {https://dblp.org/rec/journals/corr/abs-2111-04007.bib},
  bibsource  = {dblp computer science bibliography, https://dblp.org}
}

@inproceedings{hdfs2010,
  author    = {Shvachko, Konstantin and Kuang, Hairong and Radia, Sanjay and Chansler, Robert},
  booktitle = {2010 IEEE 26th Symposium on Mass Storage Systems and Technologies (MSST)},
  title     = {The Hadoop Distributed File System},
  year      = {2010},
  volume    = {},
  number    = {},
  pages     = {1-10},
  doi       = {10.1109/MSST.2010.5496972}
}

@inproceedings{ceph2006,
  author    = {Sage Weil and Scott A. Brandt and Ethan L. Miller and Darrell D. E. Long and Carlos Maltzahn},
  title     = {Ceph: A Scalable, High-Performance Distributed File System},
  booktitle = {Proceedings of the 7th Conference on Operating Systems Design and Implementation (OSDI '06)},
  month     = nov,
  year      = {2006}
}

@article{ershov2020cube++,
  title     = {The Cube++ Illumination Estimation Dataset},
  author    = {Ershov, Egor and Savchik, Alexey and Semenkov, Illya and Bani{\'c}, Nikola and Belokopytov, Alexander and Senshina, Daria and Ko{\v{s}}{\v{c}}evi{\'c}, Karlo and Suba{\v{s}}i{\'c}, Marko and Lon{\v{c}}ari{\'c}, Sven},
  journal   = {IEEE Access},
  volume    = {8},
  pages     = {227511--227527},
  year      = {2020},
  publisher = {IEEE}
}

@article{ershov2020problems,
  title   = {Problems of dataset creation for light source estimation},
  author  = {Ershov, Egor and Belokopytov, Alexander and Savchik, Alex},
  journal = {arXiv preprint arXiv:2006.02692},
  year    = {2020}
}

@article{aizman2020highperformance,
  author     = {Alex Aizman and
                Gavin Maltby and
                Thomas M. Breuel},
  title      = {High Performance {I/O} For Large Scale Deep Learning},
  journal    = {CoRR},
  volume     = {abs/2001.01858},
  year       = {2020},
  url        = {http://arxiv.org/abs/2001.01858},
  eprinttype = {arXiv},
  eprint     = {2001.01858},
  timestamp  = {Thu, 15 Jul 2021 17:18:28 +0200},
  biburl     = {https://dblp.org/rec/journals/corr/abs-2001-01858.bib},
  bibsource  = {dblp computer science bibliography, https://dblp.org}
}

@article{kuchnik2019progressive,
  author     = {Michael Kuchnik and
                George Amvrosiadis and
                Virginia Smith},
  title      = {Progressive Compressed Records: Taking a Byte out of Deep Learning
                Data},
  journal    = {CoRR},
  volume     = {abs/1911.00472},
  year       = {2019},
  url        = {http://arxiv.org/abs/1911.00472},
  eprinttype = {arXiv},
  eprint     = {1911.00472},
  timestamp  = {Mon, 11 Nov 2019 18:38:09 +0100},
  biburl     = {https://dblp.org/rec/journals/corr/abs-1911-00472.bib},
  bibsource  = {dblp computer science bibliography, https://dblp.org}
}

@article{liu2018deepn-jpeg,
  author     = {Zihao Liu and
                Tao Liu and
                Wujie Wen and
                Lei Jiang and
                Jie Xu and
                Yanzhi Wang and
                Gang Quan},
  title      = {DeepN-JPEG: {A} Deep Neural Network Favorable JPEG-based Image Compression
                Framework},
  journal    = {CoRR},
  volume     = {abs/1803.05788},
  year       = {2018},
  url        = {http://arxiv.org/abs/1803.05788},
  eprinttype = {arXiv},
  eprint     = {1803.05788},
  timestamp  = {Sun, 29 Dec 2019 11:26:03 +0100},
  biburl     = {https://dblp.org/rec/journals/corr/abs-1803-05788.bib},
  bibsource  = {dblp computer science bibliography, https://dblp.org}
}

@article{abuelhaija2016youtube8m,
  author     = {Sami Abu{-}El{-}Haija and
                Nisarg Kothari and
                Joonseok Lee and
                Paul Natsev and
                George Toderici and
                Balakrishnan Varadarajan and
                Sudheendra Vijayanarasimhan},
  title      = {YouTube-8M: {A} Large-Scale Video Classification Benchmark},
  journal    = {CoRR},
  volume     = {abs/1609.08675},
  year       = {2016},
  url        = {http://arxiv.org/abs/1609.08675},
  eprinttype = {arXiv},
  eprint     = {1609.08675},
  timestamp  = {Mon, 13 Aug 2018 16:48:45 +0200},
  biburl     = {https://dblp.org/rec/journals/corr/Abu-El-HaijaKLN16.bib},
  bibsource  = {dblp computer science bibliography, https://dblp.org}
}

@article{dodge2016understanding,
  author     = {Samuel F. Dodge and
                Lina J. Karam},
  title      = {Understanding How Image Quality Affects Deep Neural Networks},
  journal    = {CoRR},
  volume     = {abs/1604.04004},
  year       = {2016},
  url        = {http://arxiv.org/abs/1604.04004},
  eprinttype = {arXiv},
  eprint     = {1604.04004},
  timestamp  = {Mon, 13 Aug 2018 16:46:12 +0200},
  biburl     = {https://dblp.org/rec/journals/corr/DodgeK16.bib},
  bibsource  = {dblp computer science bibliography, https://dblp.org}
}

@misc{leclerc2022ffcv,
  author       = {Guillaume Leclerc and Andrew Ilyas and Logan Engstrom and Sung Min Park and Hadi Salman and Aleksander Madry},
  title        = {ffcv},
  year         = {2022},
  howpublished = {\url{https://github.com/libffcv/ffcv/}}
}

@misc{zlib2000zrle,
  author       = {},
  title        = {New zlib strategy proposal: Z\_RLE},
  howpublished = {\url{http://optipng.sourceforge.net/pngtech/z_rle.html}},
  month        = {May},
  year         = {2000}
}

@misc{GregoryS0:online,
  author       = {Gregory Szorc},
  title        = {Better Compression with Zstandard},
  howpublished = {\url{https://gregoryszorc.com/blog/2017/03/07/better-compression-with-zstandard/#:~:text=On%20one%20end%2C%20zstd%20level,that%20is%20only%202.3%25%20larger.}},
  month        = {March},
  year         = {2017}
}

@misc{qoi2021dominic,
  author       = {Dominic Szablewski},
  title        = {QOI — The Quite OK Image Format},
  howpublished = {\url{https://qoiformat.org/}},
  month        = {},
  year         = {2021}
}

@article{lindstorm2014fixedrate,
  title        = {Fixed-Rate Compressed Floating-Point Arrays},
  author       = {Lindstrom, Peter},
  abstractnote = {},
  doi          = {10.1109/TVCG.2014.2346458},
  url          = {https://www.osti.gov/biblio/1228014},
  journal      = {IEEE Transactions on Visualization and Computer Graphics},
  issn         = {1077-2626},
  number       = 12,
  volume       = 20,
  place        = {United States},
  year         = {2014},
  month        = {12}
}

@article{ardila2019commonvoice,
  author     = {Rosana Ardila and
                Megan Branson and
                Kelly Davis and
                Michael Henretty and
                Michael Kohler and
                Josh Meyer and
                Reuben Morais and
                Lindsay Saunders and
                Francis M. Tyers and
                Gregor Weber},
  title      = {Common Voice: {A} Massively-Multilingual Speech Corpus},
  journal    = {CoRR},
  volume     = {abs/1912.06670},
  year       = {2019},
  url        = {http://arxiv.org/abs/1912.06670},
  eprinttype = {arXiv},
  eprint     = {1912.06670},
  timestamp  = {Thu, 02 Jan 2020 18:08:18 +0100},
  biburl     = {https://dblp.org/rec/journals/corr/abs-1912-06670.bib},
  bibsource  = {dblp computer science bibliography, https://dblp.org}
}

@inproceedings{panayotov2015librispeech,
  author    = {Panayotov, Vassil and Chen, Guoguo and Povey, Daniel and Khudanpur, Sanjeev},
  booktitle = {2015 IEEE International Conference on Acoustics, Speech and Signal Processing (ICASSP)},
  title     = {Librispeech: An ASR corpus based on public domain audio books},
  year      = {2015},
  volume    = {},
  number    = {},
  pages     = {5206-5210},
  doi       = {10.1109/ICASSP.2015.7178964}
}

@inproceedings{burtscher2010gfpc,
  author    = {Burtscher, Martin and Ratanaworabhan, Paruj},
  booktitle = {2010 Data Compression Conference},
  title     = {gFPC: A Self-Tuning Compression Algorithm},
  year      = {2010},
  volume    = {},
  number    = {},
  pages     = {396-405},
  doi       = {10.1109/DCC.2010.42}
}

@inproceedings{chen2021cswap,
  author    = {Chen, Ping and He, Shuibing and Zhang, Xuechen and Chen, Shuaiben and Hong, Peiyi and Yin, Yanlong and Sun, Xian-He and Chen, Gang},
  booktitle = {2021 IEEE International Conference on Cluster Computing (CLUSTER)},
  title     = {CSWAP: A Self-Tuning Compression Framework for Accelerating Tensor Swapping in GPUs},
  year      = {2021},
  volume    = {},
  number    = {},
  pages     = {271-282},
  doi       = {10.1109/Cluster48925.2021.00019}
}

@inproceedings{rhu2018compressing,
  author    = {Rhu, Minsoo and O'Connor, Mike and Chatterjee, Niladrish and Pool, Jeff and Kwon, Youngeun and Keckler, Stephen W.},
  booktitle = {2018 IEEE International Symposium on High Performance Computer Architecture (HPCA)},
  title     = {Compressing DMA Engine: Leveraging Activation Sparsity for Training Deep Neural Networks},
  year      = {2018},
  volume    = {},
  number    = {},
  pages     = {78-91},
  doi       = {10.1109/HPCA.2018.00017}
}

@article{robinson1967results,
  author  = {Robinson, A.H. and Cherry, C.},
  journal = {Proceedings of the IEEE},
  title   = {Results of a prototype television bandwidth compression scheme},
  year    = {1967},
  volume  = {55},
  number  = {3},
  pages   = {356-364},
  doi     = {10.1109/PROC.1967.5493}
}

@article{alabaichi2017anovel,
  author  = {Alabaichi, Ashwaq and Alhusiny, Amjad and Alsaadi, Elham},
  year    = {2017},
  month   = {08},
  pages   = {310-319},
  title   = {A Novel Compressing a Sparse Matrix using Folding Technique},
  volume  = {14},
  journal = {Research Journal of Applied Sciences, Engineering and Technolog},
  doi     = {10.19026/rjaset.14.4955}
}
