@misc{isenko2021,
      title={Where is My Training Bottleneck? Hidden Trade-Offs in Deep Learning Preprocessing Pipelines}, 
      author={Alexander Isenko},
      year={2021},
}

@article{Lemire_2013,
   title={Decoding billions of integers per second through vectorization},
   volume={45},
   ISSN={1097-024X},
   url={http://dx.doi.org/10.1002/spe.2203},
   DOI={10.1002/spe.2203},
   number={1},
   journal={Software: Practice and Experience},
   publisher={Wiley},
   author={Lemire, D. and Boytsov, L.},
   year={2013},
   month={May},
   pages={1â€“29}
}
